<record><leader>00000cas a2200000 i 4500</leader><controlfield tag="001">948015577</controlfield><controlfield tag="006">m     o  d        </controlfield><controlfield tag="007">cr |||||||||||</controlfield><controlfield tag="008">160427d19081925nvuwr neo     0   a0eng  </controlfield><datafield ind1=" " ind2=" " tag="010"><subfield code="a">  2016271064</subfield></datafield><datafield ind1=" " ind2=" " tag="040"><subfield code="a">DLC</subfield><subfield code="b">eng</subfield><subfield code="e">rda</subfield><subfield code="c">DLC</subfield><subfield code="d">DLC</subfield></datafield><datafield ind1="0" ind2=" " tag="022"><subfield code="a">2472-1778</subfield><subfield code="2">1</subfield></datafield><datafield ind1=" " ind2=" " tag="042"><subfield code="a">pcc</subfield><subfield code="a">nsdp</subfield></datafield><datafield ind1=" " ind2=" " tag="043"><subfield code="a">n-us-nv</subfield></datafield><datafield ind1="1" ind2="0" tag="050"><subfield code="a">ISSN RECORD</subfield></datafield><datafield ind1="1" ind2="0" tag="082"><subfield code="a">071</subfield><subfield code="2">23</subfield></datafield><datafield ind1="0" ind2=" " tag="130"><subfield code="a">Pioche record (Pioche, Nev. : 1908)</subfield></datafield><datafield ind1=" " ind2="4" tag="222"><subfield code="a">The Pioche record</subfield><subfield code="b">(Pioche, Nev. 1908. Online)</subfield></datafield><datafield ind1="1" ind2="4" tag="245"><subfield code="a">The Pioche record.</subfield></datafield><datafield ind1=" " ind2="1" tag="264"><subfield code="a">Pioche, Nevada :</subfield><subfield code="b">Lewis H. Beeson,</subfield><subfield code="c">1908-</subfield></datafield><datafield ind1=" " ind2=" " tag="300"><subfield code="a">1 online resource</subfield></datafield><datafield ind1=" " ind2=" " tag="310"><subfield code="a">Weekly</subfield></datafield><datafield ind1=" " ind2=" " tag="336"><subfield code="a">text</subfield><subfield code="b">txt</subfield><subfield code="2">rdacontent</subfield></datafield><datafield ind1=" " ind2=" " tag="337"><subfield code="a">computer</subfield><subfield code="b">c</subfield><subfield code="2">rdamedia</subfield></datafield><datafield ind1=" " ind2=" " tag="338"><subfield code="a">online resource</subfield><subfield code="b">cr</subfield><subfield code="2">rdacarrier</subfield></datafield><datafield ind1="1" ind2=" " tag="362"><subfield code="a">Began with vol. LIX, no. 13 (December 26, 1908); -v. 59, no. 33 (May 15, 1909); v. 39-34 (May 22, 1909)-v. 55, no. 34 (June 27, 1925).</subfield></datafield><datafield ind1=" " ind2=" " tag="500"><subfield code="a">Publisher: Pioche Record Publishing Company, &lt;January 6-December 29, 1922&gt;.</subfield></datafield><datafield ind1=" " ind2=" " tag="588"><subfield code="a">Description based on: Vol. LIX, no. 13 (December 26, 1908); title from masthead (Chroniclingamerica.loc.gov, viewed April 27, 2016).</subfield></datafield><datafield ind1=" " ind2=" " tag="588"><subfield code="a">Latest issue consulted: Volume 53, number 11 (December 29, 1922) (Chroniclingamerica.loc.gov, viewed April 27, 2016).</subfield></datafield><datafield ind1=" " ind2="0" tag="651"><subfield code="a">Pioche (Nev.)</subfield><subfield code="v">Newspapers.</subfield></datafield><datafield ind1=" " ind2="7" tag="651"><subfield code="a">Nevada</subfield><subfield code="z">Pioche.</subfield><subfield code="2">fast</subfield><subfield code="0">(OCoLC)fst01237640</subfield></datafield><datafield ind1=" " ind2="7" tag="655"><subfield code="a">Newspapers.</subfield><subfield code="2">fast</subfield><subfield code="0">(OCoLC)fst01423814</subfield></datafield><datafield ind1=" " ind2=" " tag="752"><subfield code="a">United States</subfield><subfield code="b">Nevada</subfield><subfield code="c">Lincoln</subfield><subfield code="d">Pioche.</subfield></datafield><datafield ind1="0" ind2="8" tag="776"><subfield code="i">Originally issued in print:</subfield><subfield code="t">Pioche record (Pioche, Nev. : 1908)</subfield><subfield code="x">2472-176X</subfield><subfield code="w">(DLC)sn 86091349</subfield><subfield code="w">(OCoLC)13457885</subfield></datafield><datafield ind1="0" ind2="0" tag="780"><subfield code="t">Pioche weekly record (Pioche, Nev. : 1906)</subfield><subfield code="x">2472-1778</subfield><subfield code="w">(DLC)  2016271064</subfield><subfield code="w">(OCoLC)948015577</subfield></datafield><datafield ind1="0" ind2="7" tag="785"><subfield code="t">Caliente weekly news</subfield></datafield><datafield ind1="0" ind2="7" tag="785"><subfield code="t">Lincoln County record (Pioche, Nev. : 1925)</subfield></datafield><datafield ind1="4" ind2="0" tag="856"><subfield code="u">http://www.loc.gov/chroniclingamerica/lccn/sn86091349/issues</subfield></datafield></record>